<?xml version="1.0" encoding="UTF-8"?><collection xmlns="http://www.loc.gov/MARC21/slim"><record><leader>00458nam--2200181-i-4500</leader><controlfield tag="001">000018503</controlfield><controlfield tag="002">20161230</controlfield><controlfield tag="005">20170111233005</controlfield><controlfield tag="008">060222s1000------------r-----000-0-eng-d</controlfield><datafield ind1=" " ind2=" " tag="080"><subfield code="a">53:62</subfield></datafield><datafield ind1=" " ind2=" " tag="100"><subfield code="a">Fowler, R. G</subfield></datafield><datafield ind1=" " ind2=" " tag="245"><subfield code="a">Physics for engineers and scientists</subfield></datafield><datafield ind1=" " ind2=" " tag="250"><subfield code="a">second edition</subfield></datafield><datafield ind1=" " ind2=" " tag="260"><subfield code="a">London</subfield><subfield code="b">Prentice-Hall International</subfield><subfield code="c">1961</subfield></datafield><datafield ind1=" " ind2=" " tag="300"><subfield code="a">XIV + 553 p</subfield></datafield><datafield ind1=" " ind2=" " tag="700"><subfield code="a">Meyer, D. I</subfield></datafield><datafield ind1=" " ind2=" " tag="852"><subfield code="a">16982</subfield></datafield><datafield ind1=" " ind2=" " tag="CAT"><subfield code="a">SYS</subfield><subfield code="c">20170111</subfield><subfield code="h">233005</subfield></datafield></record></collection>